@article{Dokshitzer:1977sg,
      author         = "Dokshitzer, Yuri L.",
      title          = "{Calculation of the Structure Functions for Deep
                        Inelastic Scattering and e+ e- Annihilation by
                        Perturbation Theory in Quantum Chromodynamics.}",
      journal        = "Sov.Phys.JETP",
      volume         = "46",
      pages          = "641-653",
      year           = "1977",
      SLACcitation   = "%%CITATION = SPHJA,46,641;%%",
}


@article{Gribov:1972ri,
      author         = "Gribov, V.N. and Lipatov, L.N.",
      title          = "{Deep inelastic e p scattering in perturbation theory}",
      journal        = "Sov.J.Nucl.Phys.",
      volume         = "15",
      pages          = "438-450",
      year           = "1972",
      reportNumber   = "IPTI-381-71",
      SLACcitation   = "%%CITATION = SJNCA,15,438;%%",
}

@article{Altarelli:1977zs,
      author         = "Altarelli, Guido and Parisi, G.",
      title          = "{Asymptotic Freedom in Parton Language}",
      journal        = "Nucl.Phys.",
      volume         = "B126",
      pages          = "298",
      doi            = "10.1016/0550-3213(77)90384-4",
      year           = "1977",
      reportNumber   = "LPTENS-77-6",
      SLACcitation   = "%%CITATION = NUPHA,B126,298;%%",
}

@article{Aaron:2009aa,
      author         = "Aaron, F.D. and others",
      title          = "{Combined Measurement and QCD Analysis of the Inclusive
                        e+- p Scattering Cross Sections at HERA}",
      collaboration  = "H1 and ZEUS Collaboration",
      journal        = "JHEP",
      volume         = "1001",
      pages          = "109",
      doi            = "10.1007/JHEP01(2010)109",
      year           = "2010",
      eprint         = "0911.0884",
      archivePrefix  = "arXiv",
      primaryClass   = "hep-ex",
      reportNumber   = "DESY-09-158",
      SLACcitation   = "%%CITATION = ARXIV:0911.0884;%%",
}

@article{Balitsky:1978ic,
      author         = "Balitsky, I.I. and Lipatov, L.N.",
      title          = "{The Pomeranchuk Singularity in Quantum Chromodynamics}",
      journal        = "Sov.J.Nucl.Phys.",
      volume         = "28",
      pages          = "822-829",
      year           = "1978",
      SLACcitation   = "%%CITATION = SJNCA,28,822;%%",
}

@article{Kuraev:1977fs,
      author         = "Kuraev, E.A. and Lipatov, L.N. and Fadin, Victor S.",
      title          = "{The Pomeranchuk Singularity in Nonabelian Gauge
                        Theories}",
      journal        = "Sov.Phys.JETP",
      volume         = "45",
      pages          = "199-204",
      year           = "1977",
      SLACcitation   = "%%CITATION = SPHJA,45,199;%%",
}

@article{Stasto:2000er,
      author         = "Stasto, A.M. and Golec-Biernat, Krzysztof J. and
                        Kwiecinski, J.",
      title          = "{Geometric scaling for the total gamma* p cross-section
                        in the low x region}",
      journal        = "Phys.Rev.Lett.",
      volume         = "86",
      pages          = "596-599",
      doi            = "10.1103/PhysRevLett.86.596",
      year           = "2001",
      eprint         = "hep-ph/0007192",
      archivePrefix  = "arXiv",
      primaryClass   = "hep-ph",
      reportNumber   = "DESY-00-103",
      SLACcitation   = "%%CITATION = HEP-PH/0007192;%%",
}


@article{Armesto:2004ud,
      author         = "Armesto, Nestor and Salgado, Carlos A. and Wiedemann, Urs
                        Achim",
      title          = "{Relating high-energy lepton-hadron, proton-nucleus and
                        nucleus-nucleus collisions through geometric scaling}",
      journal        = "Phys.Rev.Lett.",
      volume         = "94",
      pages          = "022002",
      doi            = "10.1103/PhysRevLett.94.022002",
      year           = "2005",
      eprint         = "hep-ph/0407018",
      archivePrefix  = "arXiv",
      primaryClass   = "hep-ph",
      reportNumber   = "CERN-PH-TH-2004-121",
      SLACcitation   = "%%CITATION = HEP-PH/0407018;%%",
}

@article{Gelis:2010nm,
      author         = "Gelis, Francois and Iancu, Edmond and Jalilian-Marian,
                        Jamal and Venugopalan, Raju",
      title          = "{The Color Glass Condensate}",
      journal        = "Ann.Rev.Nucl.Part.Sci.",
      volume         = "60",
      pages          = "463-489",
      doi            = "10.1146/annurev.nucl.010909.083629",
      year           = "2010",
      eprint         = "1002.0333",
      archivePrefix  = "arXiv",
      primaryClass   = "hep-ph",
      SLACcitation   = "%%CITATION = ARXIV:1002.0333;%%",
}

@article{Gribov:1984tu,
      author         = "Gribov, L.V. and Levin, E.M. and Ryskin, M.G.",
      title          = "{Semihard Processes in QCD}",
      journal        = "Phys.Rept.",
      volume         = "100",
      pages          = "1-150",
      doi            = "10.1016/0370-1573(83)90022-4",
      year           = "1983",
      SLACcitation   = "%%CITATION = PRPLC,100,1;%%",
}

@article{Mueller:1985wy,
      author         = "Mueller, Alfred H. and Qiu, Jian-wei",
      title          = "{Gluon Recombination and Shadowing at Small Values of x}",
      journal        = "Nucl.Phys.",
      volume         = "B268",
      pages          = "427",
      doi            = "10.1016/0550-3213(86)90164-1",
      year           = "1986",
      reportNumber   = "CU-TP-322",
      SLACcitation   = "%%CITATION = NUPHA,B268,427;%%",
}

@article{Balitsky:1995ub,
      author         = "Balitsky, I.",
      title          = "{Operator expansion for high-energy scattering}",
      journal        = "Nucl.Phys.",
      volume         = "B463",
      pages          = "99-160",
      doi            = "10.1016/0550-3213(95)00638-9",
      year           = "1996",
      eprint         = "hep-ph/9509348",
      archivePrefix  = "arXiv",
      primaryClass   = "hep-ph",
      reportNumber   = "MIT-CTP-2470",
      SLACcitation   = "%%CITATION = HEP-PH/9509348;%%",
}

@article{Kovchegov:1999yj,
      author         = "Kovchegov, Yuri V.",
      title          = "{Small x F(2) structure function of a nucleus including
                        multiple pomeron exchanges}",
      journal        = "Phys.Rev.",
      volume         = "D60",
      pages          = "034008",
      doi            = "10.1103/PhysRevD.60.034008",
      year           = "1999",
      eprint         = "hep-ph/9901281",
      archivePrefix  = "arXiv",
      primaryClass   = "hep-ph",
      reportNumber   = "NUC-MN-99-1-T, TPI-MINN-99-05",
      SLACcitation   = "%%CITATION = HEP-PH/9901281;%%",
}

@article{McLerran:1993ni,
      author         = "McLerran, Larry D. and Venugopalan, Raju",
      title          = "{Computing quark and gluon distribution functions for
                        very large nuclei}",
      journal        = "Phys.Rev.",
      volume         = "D49",
      pages          = "2233-2241",
      doi            = "10.1103/PhysRevD.49.2233",
      year           = "1994",
      eprint         = "hep-ph/9309289",
      archivePrefix  = "arXiv",
      primaryClass   = "hep-ph",
      reportNumber   = "TPI-MINN-93-44-T, NUC-MINN-93-24-T, HEP-UMN-TH-1220-93",
      SLACcitation   = "%%CITATION = HEP-PH/9309289;%%",
}

@article{Iancu:2002xk,
      author         = "Iancu, Edmond and Leonidov, Andrei and McLerran, Larry",
      title          = "{The Color glass condensate: An Introduction}",
      pages          = "73-145",
      year           = "2002",
      eprint         = "hep-ph/0202270",
      archivePrefix  = "arXiv",
      primaryClass   = "hep-ph",
      reportNumber   = "SACLAY-T02-024",
      SLACcitation   = "%%CITATION = HEP-PH/0202270;%%",
}

@article{Albacete:2010rh,
      author         = "Albacete, Javier L. and Marquet, Cyrille",
      title          = "{Single and double inclusive particle production in d+Au
                        collisions at RHIC, leading twist and beyond}",
      journal        = "Nucl.Phys.",
      volume         = "A854",
      pages          = "154-167",
      doi            = "10.1016/j.nuclphysa.2010.09.014",
      year           = "2011",
      eprint         = "1009.3215",
      archivePrefix  = "arXiv",
      primaryClass   = "hep-ph",
      SLACcitation   = "%%CITATION = ARXIV:1009.3215;%%",
}

@article{Kharzeev:2004bw,
      author         = "Kharzeev, Dmitri and Levin, Eugene and McLerran, Larry",
      title          = "{Jet azimuthal correlations and parton saturation in the
                        color glass condensate}",
      journal        = "Nucl.Phys.",
      volume         = "A748",
      pages          = "627-640",
      doi            = "10.1016/j.nuclphysa.2004.10.031",
      year           = "2005",
      eprint         = "hep-ph/0403271",
      archivePrefix  = "arXiv",
      primaryClass   = "hep-ph",
      SLACcitation   = "%%CITATION = HEP-PH/0403271;%%",
}

@article{Arsene:2004ux,
      author         = "Arsene, I. and others",
      title          = "{On the evolution of the nuclear modification factors
                        with rapidity and centrality in d + Au collisions at
                        s(NN)**(1/2) = 200-GeV}",
      collaboration  = "BRAHMS Collaboration",
      journal        = "Phys.Rev.Lett.",
      volume         = "93",
      pages          = "242303",
      doi            = "10.1103/PhysRevLett.93.242303",
      year           = "2004",
      eprint         = "nucl-ex/0403005",
      archivePrefix  = "arXiv",
      primaryClass   = "nucl-ex",
      SLACcitation   = "%%CITATION = NUCL-EX/0403005;%%",
}

@article{Adams:2006uz,
      author         = "Adams, J. and others",
      title          = "{Forward neutral pion production in p+p and d+Au
                        collisions at s(NN)**(1/2) = 200-GeV}",
      collaboration  = "STAR Collaboration",
      journal        = "Phys.Rev.Lett.",
      volume         = "97",
      pages          = "152302",
      doi            = "10.1103/PhysRevLett.97.152302",
      year           = "2006",
      eprint         = "nucl-ex/0602011",
      archivePrefix  = "arXiv",
      primaryClass   = "nucl-ex",
      SLACcitation   = "%%CITATION = NUCL-EX/0602011;%%",
}

@article{Adare:2011sc,
      author         = "Adare, A. and others",
      title          = "{Suppression of back-to-back hadron pairs at forward
                        rapidity in $d+$Au Collisions at $\sqrt{s_{NN}}=200$ GeV}",
      collaboration  = "PHENIX Collaboration",
      journal        = "Phys.Rev.Lett.",
      volume         = "107",
      pages          = "172301",
      doi            = "10.1103/PhysRevLett.107.172301",
      year           = "2011",
      eprint         = "1105.5112",
      archivePrefix  = "arXiv",
      primaryClass   = "nucl-ex",
      SLACcitation   = "%%CITATION = ARXIV:1105.5112;%%",
}

@article{Braidot:2010ig,
      author         = "Braidot, Ermes",
      title          = "{Two Particle Correlations at Forward Rapidity in STAR}",
      collaboration  = "STAR Collaboration",
      journal        = "Nucl.Phys.",
      volume         = "A854",
      pages          = "168-174",
      doi            = "10.1016/j.nuclphysa.2011.01.016",
      year           = "2011",
      eprint         = "1008.3989",
      archivePrefix  = "arXiv",
      primaryClass   = "nucl-ex",
      SLACcitation   = "%%CITATION = ARXIV:1008.3989;%%",
}

@article{Li:2012bn,
      author         = "Li, Xuan",
      title          = "{Forward azimuthal correlations in 200 GeV p+p and d+Au
                        collisions at STAR}",
      collaboration  = "STAR Collaboration",
      journal        = "Nucl.Phys.A904-905",
      volume         = "2013",
      pages          = "823c-826c",
      doi            = "10.1016/j.nuclphysa.2013.02.143",
      year           = "2013",
      eprint         = "1212.1686",
      archivePrefix  = "arXiv",
      reportNumber   = "NUPHA19655",
      SLACcitation   = "%%CITATION = ARXIV:1212.1686;%%",
}

@article{Marquet:2007vb,
      author         = "Marquet, Cyrille",
      title          = "{Forward inclusive dijet production and azimuthal
                        correlations in p(A) collisions}",
      journal        = "Nucl.Phys.",
      volume         = "A796",
      pages          = "41-60",
      doi            = "10.1016/j.nuclphysa.2007.09.001",
      year           = "2007",
      eprint         = "0708.0231",
      archivePrefix  = "arXiv",
      primaryClass   = "hep-ph",
      SLACcitation   = "%%CITATION = ARXIV:0708.0231;%%",
}

@article{Albacete:2010pg,
      author         = "Albacete, Javier L. and Marquet, Cyrille",
      title          = "{Azimuthal correlations of forward di-hadrons in d+Au
                        collisions at RHIC in the Color Glass Condensate}",
      journal        = "Phys.Rev.Lett.",
      volume         = "105",
      pages          = "162301",
      doi            = "10.1103/PhysRevLett.105.162301",
      year           = "2010",
      eprint         = "1005.4065",
      archivePrefix  = "arXiv",
      primaryClass   = "hep-ph",
      SLACcitation   = "%%CITATION = ARXIV:1005.4065;%%",
}

@article{Stasto:2011ru,
      author         = "Stasto, Anna and Xiao, Bo-Wen and Yuan, Feng",
      title          = "{Back-to-Back Correlations of Di-hadrons in dAu
                        Collisions at RHIC}",
      journal        = "Phys.Lett.",
      volume         = "B716",
      pages          = "430-434",
      doi            = "10.1016/j.physletb.2012.08.044",
      year           = "2012",
      eprint         = "1109.1817",
      archivePrefix  = "arXiv",
      primaryClass   = "hep-ph",
      SLACcitation   = "%%CITATION = ARXIV:1109.1817;%%",
}

@article{Lappi:2012nh,
      author         = "Lappi, T. and Mantysaari, H.",
      title          = "{Forward dihadron correlations in deuteron-gold
                        collisions with the Gaussian approximation of JIMWLK}",
      journal        = "Nucl.Phys.",
      volume         = "A908",
      pages          = "51-72",
      doi            = "10.1016/j.nuclphysa.2013.03.017",
      year           = "2013",
      eprint         = "1209.2853",
      archivePrefix  = "arXiv",
      primaryClass   = "hep-ph",
      SLACcitation   = "%%CITATION = ARXIV:1209.2853;%%",
}

@article{Boer:2011fh,
      author         = "Boer, Daniel and Diehl, Markus and Milner, Richard and
                        Venugopalan, Raju and Vogelsang, Werner and others",
      title          = "{Gluons and the quark sea at high energies:
                        Distributions, polarization, tomography}",
      year           = "2011",
      eprint         = "1108.1713",
      archivePrefix  = "arXiv",
      primaryClass   = "nucl-th",
      reportNumber   = "SLAC-R-995, INT-PUB-11-034, BNL-96164-2011,
                        JLAB-THY-11-1373",
      SLACcitation   = "%%CITATION = ARXIV:1108.1713;%%",
}

@article{Accardi:2012qut,
      author         = "Accardi, A. and Albacete, J.L. and Anselmino, M. and
                        Armesto, N. and Aschenauer, E.C. and others",
      title          = "{Electron Ion Collider: The Next QCD Frontier -
                        Understanding the glue that binds us all}",
      year           = "2012",
      eprint         = "1212.1701",
      archivePrefix  = "arXiv",
      primaryClass   = "nucl-ex",
      reportNumber   = "BNL-98815-2012-JA, JLAB-PHY-12-1652",
      SLACcitation   = "%%CITATION = ARXIV:1212.1701;%%",
}

@article{Dominguez:2010xd,
      author         = "Dominguez, Fabio and Xiao, Bo-Wen and Yuan, Feng",
      title          = "{$k_t$-factorization for Hard Processes in Nuclei}",
      journal        = "Phys.Rev.Lett.",
      volume         = "106",
      pages          = "022301",
      doi            = "10.1103/PhysRevLett.106.022301",
      year           = "2011",
      eprint         = "1009.2141",
      archivePrefix  = "arXiv",
      primaryClass   = "hep-ph",
      SLACcitation   = "%%CITATION = ARXIV:1009.2141;%%",
}

@article{Sjostrand:2006za,
      author         = "Sjostrand, Torbjorn and Mrenna, Stephen and Skands, Peter
                        Z.",
      title          = "{PYTHIA 6.4 Physics and Manual}",
      journal        = "JHEP",
      volume         = "0605",
      pages          = "026",
      doi            = "10.1088/1126-6708/2006/05/026",
      year           = "2006",
      eprint         = "hep-ph/0603175",
      archivePrefix  = "arXiv",
      primaryClass   = "hep-ph",
      reportNumber   = "FERMILAB-PUB-06-052-CD-T, LU-TP-06-13",
      SLACcitation   = "%%CITATION = HEP-PH/0603175;%%",
}

@article{Dominguez:2011wm,
      author         = "Dominguez, Fabio and Marquet, Cyrille and Xiao, Bo-Wen
                        and Yuan, Feng",
      title          = "{Universality of Unintegrated Gluon Distributions at
                        small x}",
      journal        = "Phys.Rev.",
      volume         = "D83",
      pages          = "105005",
      doi            = "10.1103/PhysRevD.83.105005",
      year           = "2011",
      eprint         = "1101.0715",
      archivePrefix  = "arXiv",
      primaryClass   = "hep-ph",
      SLACcitation   = "%%CITATION = ARXIV:1101.0715;%%",
}

@article{Anselmino:2011ay,
      author         = "Anselmino, M. and Avakian, H. and Boer, D. and
                        Bradamante, F. and Burkardt, M. and others",
      title          = "{Transverse Momentum Dependent Parton
                        Distribution/Fragmentation Functions at an Electron-Ion
                        Collider}",
      journal        = "Eur.Phys.J.",
      volume         = "A47",
      pages          = "35",
      doi            = "10.1140/epja/i2011-11035-2",
      year           = "2011",
      eprint         = "1101.4199",
      archivePrefix  = "arXiv",
      primaryClass   = "hep-ex",
      reportNumber   = "JLAB-PHY-11-1368",
      SLACcitation   = "%%CITATION = ARXIV:1101.4199;%%",
}

@article{Marquet:2009ca,
      author         = "Marquet, Cyrille and Xiao, Bo-Wen and Yuan, Feng",
      title          = "{Semi-inclusive Deep Inelastic Scattering at small x}",
      journal        = "Phys.Lett.",
      volume         = "B682",
      pages          = "207-211",
      doi            = "10.1016/j.physletb.2009.10.099",
      year           = "2009",
      eprint         = "0906.1454",
      archivePrefix  = "arXiv",
      primaryClass   = "hep-ph",
      SLACcitation   = "%%CITATION = ARXIV:0906.1454;%%",
}


@article{Metz:2011wb,
      author         = "Metz, Andreas and Zhou, Jian",
      title          = "{Distribution of linearly polarized gluons inside a large
                        nucleus}",
      journal        = "Phys.Rev.",
      volume         = "D84",
      pages          = "051503",
      doi            = "10.1103/PhysRevD.84.051503",
      year           = "2011",
      eprint         = "1105.1991",
      archivePrefix  = "arXiv",
      primaryClass   = "hep-ph",
      SLACcitation   = "%%CITATION = ARXIV:1105.1991;%%",
}

@article{Boer:2011kf,
      author         = "Boer, Daniel and den Dunnen, Wilco J. and Pisano,
                        Cristian and Schlegel, Marc and Vogelsang, Werner",
      title          = "{Linearly Polarized Gluons and the Higgs Transverse
                        Momentum Distribution}",
      journal        = "Phys.Rev.Lett.",
      volume         = "108",
      pages          = "032002",
      doi            = "10.1103/PhysRevLett.108.032002",
      year           = "2012",
      eprint         = "1109.1444",
      archivePrefix  = "arXiv",
      primaryClass   = "hep-ph",
      SLACcitation   = "%%CITATION = ARXIV:1109.1444;%%",
}

@article{Sun:2011iw,
      author         = "Sun, Peng and Xiao, Bo-Wen and Yuan, Feng",
      title          = "{Gluon Distribution Functions and Higgs Boson Production
                        at Moderate Transverse Momentum}",
      journal        = "Phys.Rev.",
      volume         = "D84",
      pages          = "094005",
      doi            = "10.1103/PhysRevD.84.094005",
      year           = "2011",
      eprint         = "1109.1354",
      archivePrefix  = "arXiv",
      primaryClass   = "hep-ph",
      SLACcitation   = "%%CITATION = ARXIV:1109.1354;%%",
}

@article{Dominguez:2011br,
      author         = "Dominguez, Fabio and Qiu, Jian-Wei and Xiao, Bo-Wen and
                        Yuan, Feng",
      title          = "{On the linearly polarized gluon distributions in the
                        color dipole model}",
      journal        = "Phys.Rev.",
      volume         = "D85",
      pages          = "045003",
      doi            = "10.1103/PhysRevD.85.045003",
      year           = "2012",
      eprint         = "1109.6293",
      archivePrefix  = "arXiv",
      primaryClass   = "hep-ph",
      SLACcitation   = "%%CITATION = ARXIV:1109.6293;%%",
}

@article{Liou:2012xy,
      author         = "Liou, Tseh",
      title          = "{Color-neutral heavy particle production in
                        nucleus-nucleus collisions in the quasi-classical
                        approximation}",
      journal        = "Nucl.Phys.",
      volume         = "A897",
      pages          = "122-140",
      doi            = "10.1016/j.nuclphysa.2012.11.005",
      year           = "2013",
      eprint         = "1206.6123",
      archivePrefix  = "arXiv",
      primaryClass   = "hep-ph",
      SLACcitation   = "%%CITATION = ARXIV:1206.6123;%%",
}

@article{Schafer:2012yx,
      author         = "Schafer, Andreas and Zhou, Jian",
      title          = "{Higgs boson production in high energy proton-nucleus
                        collisions}",
      journal        = "Phys.Rev.",
      volume         = "D85",
      pages          = "114004",
      doi            = "10.1103/PhysRevD.85.114004",
      year           = "2012",
      eprint         = "1203.1534",
      archivePrefix  = "arXiv",
      primaryClass   = "hep-ph",
      SLACcitation   = "%%CITATION = ARXIV:1203.1534;%%",
}

@article{Dominguez:2011gc,
      author         = "Dominguez, Fabio and Mueller, A.H. and Munier, Stephane
                        and Xiao, Bo-Wen",
      title          = "{On the small-x evolution of the color quadrupole and the
                        Weizs\'acker-Williams gluon distribution}",
      journal        = "Phys.Lett.",
      volume         = "B705",
      pages          = "106-111",
      doi            = "10.1016/j.physletb.2011.09.104",
      year           = "2011",
      eprint         = "1108.1752",
      archivePrefix  = "arXiv",
      primaryClass   = "hep-ph",
      SLACcitation   = "%%CITATION = ARXIV:1108.1752;%%",
}

@article{Dumitru:2011vk,
      author         = "Dumitru, Adrian and Jalilian-Marian, Jamal and Lappi,
                        Tuomas and Schenke, Bjoern and Venugopalan, Raju",
      title          = "{Renormalization group evolution of multi-gluon
                        correlators in high energy QCD}",
      journal        = "Phys.Lett.",
      volume         = "B706",
      pages          = "219-224",
      doi            = "10.1016/j.physletb.2011.11.002",
      year           = "2011",
      eprint         = "1108.4764",
      archivePrefix  = "arXiv",
      primaryClass   = "hep-ph",
      SLACcitation   = "%%CITATION = ARXIV:1108.4764;%%",
}


@article{GolecBiernat:1998js,
      author         = "Golec-Biernat, Krzysztof J. and Wusthoff, M.",
      title          = "{Saturation effects in deep inelastic scattering at low
                        Q**2 and its implications on diffraction}",
      journal        = "Phys.Rev.",
      volume         = "D59",
      pages          = "014017",
      doi            = "10.1103/PhysRevD.59.014017",
      year           = "1998",
      eprint         = "hep-ph/9807513",
      archivePrefix  = "arXiv",
      primaryClass   = "hep-ph",
      reportNumber   = "DTP-98-50",
      SLACcitation   = "%%CITATION = HEP-PH/9807513;%%",
}

@article{deFlorian:2007aj,
      author         = "de Florian, Daniel and Sassot, Rodolfo and Stratmann,
                        Marco",
      title          = "{Global analysis of fragmentation functions for pions and
                        kaons and their uncertainties}",
      journal        = "Phys.Rev.",
      volume         = "D75",
      pages          = "114010",
      doi            = "10.1103/PhysRevD.75.114010",
      year           = "2007",
      eprint         = "hep-ph/0703242",
      archivePrefix  = "arXiv",
      primaryClass   = "HEP-PH",
      SLACcitation   = "%%CITATION = HEP-PH/0703242;%%",
}

@article{Strikman:2010bg,
      author         = "Strikman, Mark and Vogelsang, Werner",
      title          = "{Multiple parton interactions and forward double pion
                        production in pp and dA scattering}",
      journal        = "Phys.Rev.",
      volume         = "D83",
      pages          = "034029",
      doi            = "10.1103/PhysRevD.83.034029",
      year           = "2011",
      eprint         = "1009.6123",
      archivePrefix  = "arXiv",
      primaryClass   = "hep-ph",
      SLACcitation   = "%%CITATION = ARXIV:1009.6123;%%",
}


@article{Mueller:2012uf,
      author         = "Mueller, A.H. and Xiao, Bo-Wen and Yuan, Feng",
      title          = "{Sudakov Resummation in Small-x Saturation Formalism}",
      journal        = "Phys.Rev.Lett.",
      volume         = "110",
      pages          = "082301",
      doi            = "10.1103/PhysRevLett.110.082301",
      year           = "2013",
      eprint         = "1210.5792",
      archivePrefix  = "arXiv",
      primaryClass   = "hep-ph",
      SLACcitation   = "%%CITATION = ARXIV:1210.5792;%%",
}

@article{Mueller:2013wwa,
      author         = "Mueller, A.H. and Xiao, Bo-Wen and Yuan, Feng",
      title          = "{Sudakov Double Logarithms Resummation in Hard Processes
                        in Small-x Saturation Formalism}",
      journal        = "Phys.Rev.",
      volume         = "D88",
      pages          = "114010",
      doi            = "10.1103/PhysRevD.88.114010",
      year           = "2013",
      eprint         = "1308.2993",
      archivePrefix  = "arXiv",
      primaryClass   = "hep-ph",
      SLACcitation   = "%%CITATION = ARXIV:1308.2993;%%",
}

@article{Pumplin:2002vw,
      author         = "Pumplin, J. and Stump, D.R. and Huston, J. and Lai, H.L.
                        and Nadolsky, Pavel M. and others",
      title          = "{New generation of parton distributions with
                        uncertainties from global QCD analysis}",
      journal        = "JHEP",
      volume         = "0207",
      pages          = "012",
      doi            = "10.1088/1126-6708/2002/07/012",
      year           = "2002",
      eprint         = "hep-ph/0201195",
      archivePrefix  = "arXiv",
      primaryClass   = "hep-ph",
      reportNumber   = "MSU-HEP-011101",
      SLACcitation   = "%%CITATION = HEP-PH/0201195;%%",
}


@article{Whalley:2005nh,
      author         = "Whalley, M.R. and Bourilkov, D. and Group, R.C.",
      title          = "{The Les Houches accord PDFs (LHAPDF) and LHAGLUE}",
      year           = "2005",
      eprint         = "hep-ph/0508110",
      archivePrefix  = "arXiv",
      primaryClass   = "hep-ph",
      SLACcitation   = "%%CITATION = HEP-PH/0508110;%%",
}

@article{Friberg:2000ra,
      author         = "Friberg, Christer and Sjostrand, Torbjorn",
      title          = "{Total cross-sections and event properties from real to
                        virtual photons}",
      journal        = "JHEP",
      volume         = "0009",
      pages          = "010",
      doi            = "10.1088/1126-6708/2000/09/010",
      year           = "2000",
      eprint         = "hep-ph/0007314",
      archivePrefix  = "arXiv",
      primaryClass   = "hep-ph",
      reportNumber   = "LU-TP-00-29",
      SLACcitation   = "%%CITATION = HEP-PH/0007314;%%",
}


@article{Bauer:1977iq,
      author         = "Bauer, T.H. and Spital, R.D. and Yennie, D.R. and Pipkin,
                        F.M.",
      title          = "{The Hadronic Properties of the Photon in High-Energy
                        Interactions}",
      journal        = "Rev.Mod.Phys.",
      volume         = "50",
      pages          = "261",
      doi            = "10.1103/RevModPhys.50.261",
      year           = "1978",
      reportNumber   = "PRINT-77-0549 (HARVARD)",
      SLACcitation   = "%%CITATION = RMPHA,50,261;%%",
}

@article{Eskola:2009uj,
      author         = "Eskola, K.J. and Paukkunen, H. and Salgado, C.A.",
      title          = "{EPS09: A New Generation of NLO and LO Nuclear Parton
                        Distribution Functions}",
      journal        = "JHEP",
      volume         = "0904",
      pages          = "065",
      doi            = "10.1088/1126-6708/2009/04/065",
      year           = "2009",
      eprint         = "0902.4154",
      archivePrefix  = "arXiv",
      primaryClass   = "hep-ph",
      SLACcitation   = "%%CITATION = ARXIV:0902.4154;%%",
}

@article{Salgado:2003gb,
      author         = "Salgado, Carlos A. and Wiedemann, Urs Achim",
      title          = "{Calculating quenching weights}",
      journal        = "Phys.Rev.",
      volume         = "D68",
      pages          = "014008",
      doi            = "10.1103/PhysRevD.68.014008",
      year           = "2003",
      eprint         = "hep-ph/0302184",
      archivePrefix  = "arXiv",
      primaryClass   = "hep-ph",
      reportNumber   = "CERN-TH-2003-030",
      SLACcitation   = "%%CITATION = HEP-PH/0302184;%%",
}

@article{Kang:2012am,
      author         = "Kang, Zhong-Bo and Qiu, Jian-Wei",
      title          = "{Nuclear modification of vector boson production in
                        proton-lead collisions at the LHC}",
      journal        = "Phys.Lett.",
      volume         = "B721",
      pages          = "277-283",
      doi            = "10.1016/j.physletb.2013.03.030",
      year           = "2013",
      eprint         = "1212.6541",
      archivePrefix  = "arXiv",
      SLACcitation   = "%%CITATION = ARXIV:1212.6541;%%",
}


